<record><leader>00000cas a22000007a 4500</leader><controlfield tag="001">12768392</controlfield><controlfield tag="008">851107d19831984wvuwr ne      0    0eng d</controlfield><datafield ind1=" " ind2=" " tag="010"><subfield code="a">sn 85059606 </subfield></datafield><datafield ind1=" " ind2=" " tag="040"><subfield code="a">WVC</subfield><subfield code="b">eng</subfield><subfield code="c">WVC</subfield><subfield code="d">OCL</subfield><subfield code="d">OCLCQ</subfield></datafield><datafield ind1=" " ind2=" " tag="042"><subfield code="a">msc</subfield></datafield><datafield ind1="0" ind2=" " tag="130"><subfield code="a">Elk examiner (Clay, W. Va.)</subfield></datafield><datafield ind1="1" ind2="4" tag="245"><subfield code="a">The Elk examiner.</subfield></datafield><datafield ind1=" " ind2=" " tag="260"><subfield code="a">Clay, W. Va. :</subfield><subfield code="b">Ron Gregory</subfield></datafield><datafield ind1=" " ind2=" " tag="300"><subfield code="a">v.</subfield></datafield><datafield ind1=" " ind2=" " tag="310"><subfield code="a">Weekly</subfield></datafield><datafield ind1="1" ind2=" " tag="362"><subfield code="a">Began in 1983; ceased in 1984?</subfield></datafield><datafield ind1=" " ind2=" " tag="500"><subfield code="a">Published first in Clay, W. Va., and then in Procious, W. Va.</subfield></datafield><datafield ind1=" " ind2=" " tag="500"><subfield code="a">Editor: Artie Samples.</subfield></datafield><datafield ind1=" " ind2=" " tag="752"><subfield code="a">United States</subfield><subfield code="b">West Virginia</subfield><subfield code="c">Clay</subfield><subfield code="d">Clay.</subfield></datafield><datafield ind1="1" ind2=" " tag="029"><subfield code="a">AU@</subfield><subfield code="b">000025096934</subfield></datafield></record>